%% This BibTeX bibliography file was created using BibDesk.
%% http://bibdesk.sourceforge.net/


%% Created for Csaba at 2015-10-11 17:01:07 -0600 


%% Saved with string encoding Unicode (UTF-8) 



@inproceedings{kveton15cascade,
	Author = {Kveton, Branislav and Wen, Zheng and Ashkan, Azin and Szepesvari, Csaba},
	Booktitle = {ICML},
	Date-Added = {2015-10-11 22:59:21 +0000},
	Date-Modified = {2015-10-11 23:01:04 +0000},
	Pages = {767--776},
	Title = {Cascading Bandits: Learning to Rank in the Cascade Model},
	Year = {2015}}

@article{thompson33likelihood,
	Author = {Thompson, William. R.},
	Journal = {Biometrika},
	Number = {3-4},
	Pages = {285-294},
	Title = {On the Likelihood that One Unknown Probability Exceeds Another in View of the Evidence of Two Samples},
	Volume = {25},
	Year = {1933}}

@article{whitney35abstract,
	Author = {Whitney, Hassler},
	Journal = {American Journal of Mathematics},
	Number = {3},
	Pages = {509-533},
	Title = {On the Abstract Properties of Linear Dependence},
	Volume = {57},
	Year = {1935}}

@article{metropolis53equations,
	Author = {Metropolis, Nicholas and Rosenbluth, Arianna and Rosenbluth, Marshall and Teller, Augusta and Teller, Edward},
	Journal = {Journal of Chemical Physics},
	Pages = {1087-1092},
	Title = {Equation of State Calculations by Fast Computing Machines},
	Volume = {21},
	Year = {1953}}

@book{bellman57dynamic,
	Address = {Princeton, NJ},
	Author = {Bellman, Richard},
	Publisher = {Princeton University Press},
	Title = {Dynamic Programming},
	Year = {1957}}

@book{howard60dynamic,
	Address = {Cambridge, MA},
	Author = {Howard, Ronald},
	Publisher = {MIT Press},
	Title = {Dynamic Programming and {Markov} Processes},
	Year = {1960}}

@article{manne60linear,
	Author = {Manne, Alan},
	Journal = {Management Science},
	Number = {3},
	Pages = {259-267},
	Title = {Linear Programming and Sequential Decisions},
	Volume = {6},
	Year = {1960}}

@article{bellman63polynomial,
	Author = {Bellman, Richard and Kalaba, Robert and Kotkin, Bella},
	Journal = {Mathematics of Computation},
	Number = {82},
	Pages = {155-161},
	Title = {Polynomial Approximation -- A New Computational Technique in Dynamic Programming: Allocation Processes},
	Volume = {17},
	Year = {1963}}

@article{jewell63finite,
	Author = {Jewell, William},
	Journal = {Operations Research},
	Number = {6},
	Pages = {938-948},
	Title = {{Markov}-Renewal Programming. {I}: Formulation, Finite Return Models},
	Volume = {11},
	Year = {1963}}

@article{jewell63infinite,
	Author = {Jewell, William},
	Journal = {Operations Research},
	Number = {6},
	Pages = {949-971},
	Title = {{Markov}-Renewal Programming. {II}: Infinite Return Models, Example},
	Volume = {11},
	Year = {1963}}

@article{astrom65optimal,
	Author = {Astrom, Karl},
	Journal = {Journal of Mathematical Analysis and Applications},
	Number = {1},
	Pages = {174-205},
	Title = {Optimal Control of {Markov} Processes with Incomplete State Information},
	Volume = {10},
	Year = {1965}}

@incollection{edmonds70submodular,
	Author = {Edmonds, Jack},
	Booktitle = {Combinatorial Structures and Their Applications: Proceedings of the Calgary International Conference on Combinatorial Structures and Their Applications},
	Pages = {69-87},
	Title = {Submodular Functions, Matroids, and Certain Polyhedra},
	Year = {1970}}

@article{hastings70monte,
	Author = {Hastings, W. K.},
	Journal = {Biometrika},
	Pages = {97-109},
	Title = {{Monte Carlo} Sampling Methods Using {Markov} Chains and Their Application},
	Volume = {57},
	Year = {1970}}

@article{edmonds71matroids,
	Author = {Edmonds, Jack},
	Journal = {Mathematical Programming},
	Number = {1},
	Pages = {127-136},
	Title = {Matroids and the Greedy Algorithm},
	Volume = {1},
	Year = {1971}}

@phdthesis{sondik71thesis,
	Author = {Sondik, Edward},
	School = {Stanford University},
	Title = {The Optimal Control of Partially Observable {Markov} Decision Processes},
	Year = {1971}}

@book{duda73pattern,
	Author = {Duda, Richard and Hart, Peter},
	Publisher = {Wiley},
	Title = {Pattern Classification and Scene Analysis},
	Year = {1973}}

@article{johnson74approximation,
	Author = {Johnson, David},
	Journal = {Journal of Computer and System Sciences},
	Number = {3},
	Pages = {256-278},
	Title = {Approximation Algorithms for Combinatorial Problems},
	Volume = {9},
	Year = {1974}}

@article{megiddo74optimal,
	Author = {Megiddo, Nimrod},
	Journal = {Mathematical Programming},
	Number = {1},
	Pages = {97-107},
	Title = {Optimal Flows in Networks with Multiple Sources and Sinks},
	Volume = {7},
	Year = {1974}}

@article{nemhauser78approximation,
	Author = {Nemhauser, G. L. and Wolsey, L. A. and Fisher, M. L.},
	Journal = {Mathematical Programming},
	Number = {1},
	Pages = {265-294},
	Title = {An Analysis of Approximations for Maximizing Submodular Set Functions - {I}},
	Volume = {14},
	Year = {1978}}

@article{khachiyan79polynomial,
	Author = {Khachiyan, Leonid},
	Journal = {Doklady Akademii Nauk SSSR},
	Pages = {1093-1096},
	Title = {A Polynomial Algorithm in Linear Programming},
	Volume = {244},
	Year = {1979}}

@book{neuts81matrix,
	Address = {Baltimore, MD},
	Author = {Neuts, Marcel},
	Publisher = {Johns Hopkins University Press},
	Title = {Matrix-Geometric Solutions in Stochastic Models: An Algorithmic Approach},
	Year = {1981}}

@article{barto83neuronlike,
	Author = {Barto, Andrew and Sutton, Richard and Anderson, Charles},
	Journal = {IEEE Transactions on Systems, Man, and Cybernetics},
	Number = {5},
	Pages = {835-846},
	Title = {Neuronlike Elements that Can Solve Difficult Learning Control Problems},
	Volume = {13},
	Year = {1983}}

@article{kirkpatrick83optimization,
	Author = {Kirkpatrick, S. and Gelatt, C. D. and Vecchi, M. P.},
	Journal = {Science},
	Number = {4598},
	Pages = {671-680},
	Title = {Optimization by Simulated Annealing},
	Volume = {220},
	Year = {1983}}

@book{breiman84classification,
	Author = {Breiman, Leo and Friedman, Jerome and Olshen, Richard and Stone, Charles},
	Publisher = {Wadsworth},
	Title = {Classification and Regression Trees},
	Year = {1984}}

@article{geman84stochastic,
	Author = {Geman, Stuart and Geman, Donald},
	Journal = {IEEE Transactions on Pattern Analysis and Machine Intelligence},
	Number = {6},
	Pages = {721-741},
	Title = {Stochastic Relaxation, {Gibbs} Distribution, and the {Bayesian} Restoration of Images},
	Volume = {6},
	Year = {1984}}

@incollection{howard84influence,
	Address = {Menlo Park, CA},
	Author = {Howard, Ronald and Matheson, James},
	Booktitle = {Readings on the Principles and Applications of Decision Analysis},
	Pages = {719-762},
	Publisher = {Strategic Decisions Group},
	Title = {Influence Diagrams},
	Volume = {2},
	Year = {1984}}

@article{lai85asymptotically,
	Author = {Lai, T. L. and Robbins, Herbert},
	Journal = {Advances in Applied Mathematics},
	Number = {1},
	Pages = {4-22},
	Title = {Asymptotically Efficient Adaptive Allocation Rules},
	Volume = {6},
	Year = {1985}}

@article{schweitzer85generalized,
	Author = {Schweitzer, Paul and Seidmann, Abraham},
	Journal = {Journal of Mathematical Analysis and Applications},
	Pages = {568-582},
	Title = {Generalized Polynomial Approximations in {Markovian} Decision Processes},
	Volume = {110},
	Year = {1985}}

@article{duane87hybrid,
	Author = {Duane, Simon and Kennedy, A. D. and Pendleton, Brian and Roweth, Duncan},
	Journal = {Physics Letters B},
	Number = {2},
	Pages = {216-222},
	Title = {Hybrid {Monte Carlo}},
	Volume = {195},
	Year = {1987}}

@book{aigner88combinatorial,
	Address = {New York, NY},
	Author = {Aigner, Martin},
	Publisher = {John Wiley \& Sons},
	Title = {Combinatorial Search},
	Year = {1988}}

@inproceedings{cooper88method,
	Author = {Cooper, Gregory},
	Booktitle = {Proceedings of the Workshop on Uncertainty in Artificial Intelligence},
	Pages = {55-63},
	Title = {A Method for Using Belief Networks as Influence Diagrams},
	Year = {1988}}

@book{jeffreys88methods,
	Address = {Cambridge, United Kingdom},
	Author = {Jeffreys, Harold and Jeffreys, Bertha},
	Publisher = {Cambridge University Press},
	Title = {Methods of Mathematical Physics},
	Year = {1988}}

@book{pearl88probabilistic,
	Address = {San Francisco, CA},
	Author = {Pearl, Judea},
	Publisher = {Morgan Kaufmann},
	Title = {Probabilistic Reasoning in Intelligent Systems: Networks of Plausible Inference},
	Year = {1988}}

@article{sutton88learning,
	Author = {Sutton, Richard},
	Journal = {Machine Learning},
	Pages = {9-44},
	Title = {Learning to Predict by the Methods of Temporal Differences},
	Volume = {3},
	Year = {1988}}

@article{agrawal89asymptotically,
	Author = {Agrawal, Rajeev and Teneketzis, Demosthenis and Anantharam, Venkatachalam},
	Journal = {IEEE Transactions on Automatic Control},
	Number = {3},
	Pages = {258-267},
	Title = {Asymptotically Efficient Adaptive Allocation Schemes for Controlled I.I.D. Processes: Finite Parameter Space},
	Volume = {34},
	Year = {1989}}

@article{dean89model,
	Author = {Dean, Thomas and Kanazawa, Keiji},
	Journal = {Computational Intelligence},
	Pages = {142-150},
	Title = {A Model for Reasoning about Persistence and Causation},
	Volume = {5},
	Year = {1989}}

@book{mccullagh89generalized,
	Author = {McCullagh, P. and Nelder, J. A.},
	Publisher = {Chapman \& Hall},
	Title = {Generalized Linear Models},
	Year = {1989}}

@article{glynn90likelihood,
	Author = {Glynn, Peter},
	Journal = {Communications of the ACM},
	Number = {10},
	Pages = {75-84},
	Title = {Likelihood Ratio Gradient Estimation for Stochastic Systems},
	Volume = {33},
	Year = {1990}}

@article{chow91optimal,
	Author = {Chow, Chee-Seng and Tsitsiklis, John},
	Journal = {IEEE Transactions on Automatic Control},
	Number = {8},
	Pages = {898-914},
	Title = {An Optimal One-Way Multigrid Algorithm for Discrete-Time Stochastic Control},
	Volume = {36},
	Year = {1991}}

@inproceedings{littlestone91online,
	Author = {Littlestone, Nick and Long, Philip and Warmuth, Manfred},
	Booktitle = {Proceedings of the 23rd Annual ACM Symposium on Theory of Computing},
	Pages = {465-475},
	Title = {On-Line Learning of Linear Functions},
	Year = {1991}}

@inproceedings{moore91variable,
	Author = {Moore, Andrew},
	Booktitle = {Proceedings of the 8th International Conference on Machine Learning},
	Title = {Variable Resolution Dynamic Programming: Efficiently Learning Action Maps in Multivariate Real-Valued State-Spaces},
	Year = {1991}}

@book{press92numerical,
	Address = {Cambridge, MA},
	Author = {Press, William and Teukolsky, Saul and Vetterling, William and Flannery, Brian},
	Publisher = {Cambridge University Press},
	Title = {Numerical Recipes in C},
	Year = {1992}}

@article{tesauro92practical,
	Author = {Tesauro, Gerald},
	Journal = {Machine Learning},
	Number = {3-4},
	Pages = {257-277},
	Title = {Practical Issues in Temporal Difference Learning},
	Volume = {8},
	Year = {1992}}

@article{williams92simple,
	Author = {Williams, Ronald},
	Journal = {Machine Learning},
	Number = {3-4},
	Pages = {229-256},
	Title = {Simple Statistical Gradient-Following Algorithms for Connectionist Reinforcement Learning},
	Volume = {8},
	Year = {1992}}

@techreport{williams93tight,
	Author = {Williams, Ronald and {Baird III}, Leemon},
	Institution = {Northeastern University},
	Number = {NU-CCS-93-14},
	Title = {Tight Performance Bounds on Greedy Policies Based on Imperfect Value Functions},
	Year = {1993}}

@techreport{trick93linear,
	Author = {Trick, Michael and Zin, Stanley},
	Institution = {Carnegie Mellon University},
	Title = {A Linear Programming Approach to Solving Stochastic Dynamic Programs},
	Year = {1993}}

@article{dayan94td,
	Author = {Dayan, Peter and Sejnowski, Terry},
	Journal = {Machine Learning},
	Pages = {295-301},
	Title = {{TD}($\lambda$) Converges with Probability 1},
	Volume = {14},
	Year = {1994}}

@inproceedings{jensen94influence,
	Author = {Jensen, Frank and Jensen, Finn and Dittmer, Soren},
	Booktitle = {Proceedings of the 10th Conference on Uncertainty in Artificial Intelligence},
	Pages = {367-373},
	Title = {From Influence Diagrams to Junction Trees},
	Year = {1994}}

@article{karlin94competitive,
	Author = {Karlin, Anna and Manasse, Mark and McGeoch, Lyle and Owicki, Susan},
	Journal = {Algorithmica},
	Number = {6},
	Pages = {542-571},
	Title = {Competitive Randomized Algorithms for Nonuniform Problems},
	Volume = {11},
	Year = {1994}}

@article{littlestone94weighted,
	Author = {Littlestone, Nick and Warmuth, Manfred},
	Journal = {Information and Computation},
	Number = {2},
	Pages = {212-261},
	Title = {The Weighted Majority Algorithm},
	Volume = {108},
	Year = {1994}}

@book{puterman94markov,
	Address = {New York, NY},
	Author = {Puterman, Martin},
	Publisher = {John Wiley \& Sons},
	Title = {Markov Decision Processes: Discrete Stochastic Dynamic Programming},
	Year = {1994}}

@article{spencer94randomization,
	Author = {Spencer, Joel},
	Journal = {Theoretical Computer Science},
	Number = {2},
	Pages = {415-429},
	Title = {Randomization, Derandomization and Antirandomization: Three Games},
	Volume = {131},
	Year = {1994}}

@article{tesauro94tdgammon,
	Author = {Tesauro, Gerald},
	Journal = {Neural Computation},
	Number = {2},
	Pages = {215-219},
	Title = {{TD-Gammon}, a Self-Teaching Backgammon Program, Achieves Master-Level Play},
	Volume = {6},
	Year = {1994}}

@inproceedings{auer95gambling,
	Author = {Auer, Peter and Cesa-Bianchi, Nicolo and Freund, Yoav and Schapire, Robert},
	Booktitle = {Proceedings of the 36th Annual Symposium on Foundations of Computer Science},
	Pages = {322-331},
	Title = {Gambling in a Rigged Casino: The Adversarial Multi-Armed Bandit problem},
	Year = {1995}}

@article{bertsekas95counterexample,
	Author = {Bertsekas, Dimitri},
	Journal = {Neural Computation},
	Number = {2},
	Pages = {270-279},
	Title = {A Counterexample for Temporal Differences Learning},
	Volume = {7},
	Year = {1995}}

@book{bertsekas95dynamic,
	Address = {Belmont, MA},
	Author = {Bertsekas, Dimitri},
	Publisher = {Athena Scientific},
	Title = {Dynamic Programming and Optimal Control},
	Year = {1995}}

@inproceedings{boutilier95exploiting,
	Author = {Boutilier, Craig and Dearden, Richard and Goldszmidt, Moises},
	Booktitle = {Proceedings of the 14th International Joint Conference on Artificial Intelligence},
	Pages = {1104-1111},
	Title = {Exploiting Structure in Policy Construction},
	Year = {1995}}

@inproceedings{boyan95generalization,
	Author = {Boyan, Justin and Moore, Andrew},
	Booktitle = {Advances in Neural Information Processing Systems 7},
	Pages = {369-376},
	Title = {Generalization in Reinforcement Learning: Safely Approximating the Value Function},
	Year = {1995}}

@inproceedings{herbster95tracking,
	Author = {Herbster, Mark and Warmuth, Manfred},
	Booktitle = {Proceedings of the 12th International Conference on Machine Learning},
	Pages = {286-294},
	Title = {Tracking the Best Expert},
	Year = {1995}}

@article{tarabanis95survey,
	Author = {Tarabanis, Konstantinos and Allen, Peter and Tsai, Roger},
	Journal = {IEEE Transactions on Robotics and Automation},
	Number = {1},
	Pages = {86-104},
	Title = {A Survey of Sensor Planning in Computer Vision},
	Volume = {11},
	Year = {1995}}

@article{tesauro95temporal,
	Author = {Tesauro, Gerald},
	Journal = {Communications of the ACM},
	Number = {3},
	Pages = {58-68},
	Title = {Temporal Difference Learning and {TD-Gammon}},
	Volume = {38},
	Year = {1995}}

@book{vapnik95nature,
	Address = {New York, NY},
	Author = {Vapnik, Vladimir},
	Publisher = {Springer-Verlag},
	Title = {The Nature of Statistical Learning Theory},
	Year = {1995}}

@inproceedings{zhang95reinforcement,
	Author = {Zhang, Wei and Dietterich, Thomas},
	Booktitle = {Proceedings of the 14th International Joint Conference on Artificial Intelligence},
	Pages = {1114-1120},
	Title = {A Reinforcement Learning Approach to Job-Shop Scheduling},
	Year = {1995}}

@book{bertsekas96neurodynamic,
	Address = {Belmont, MA},
	Author = {Bertsekas, Dimitri and Tsitsiklis, John},
	Publisher = {Athena Scientific},
	Title = {Neuro-Dynamic Programming},
	Year = {1996}}

@inproceedings{blum96online,
	Author = {Blum, Avrim},
	Booktitle = {Online Algorithms},
	Pages = {306-325},
	Publisher = {Springer},
	Series = {Lecture Notes in Computer Science},
	Title = {On-line Algorithms in Machine Learning},
	Volume = {1442},
	Year = {1996}}

@inproceedings{boutilier96approximating,
	Author = {Boutilier, Craig and Dearden, Richard},
	Booktitle = {Proceedings of the 13th International Conference on Machine Learning},
	Pages = {54-62},
	Title = {Approximating Value Trees in Structured Dynamic Programming},
	Year = {1996}}

@article{casella96raoblackwellisation,
	Author = {Casella, George and Robert, Christian},
	Journal = {Biometrika},
	Number = {1},
	Pages = {81-94},
	Title = {{Rao-Blackwellisation} of Sampling Schemes},
	Volume = {83},
	Year = {1996}}

@inproceedings{crites96improving,
	Author = {Crites, Robert and Barto, Andrew},
	Booktitle = {Advances in Neural Information Processing Systems 8},
	Pages = {1017-1023},
	Title = {Improving Elevator Performance Using Reinforcement Learning},
	Year = {1996}}

@inproceedings{dechter96bucket,
	Author = {Dechter, Rina},
	Booktitle = {Proceedings of the 12th Conference on Uncertainty in Artificial Intelligence},
	Pages = {211-219},
	Title = {Bucket Elimination: A Unifying Framework for Probabilistic Inference},
	Year = {1996}}

@techreport{golding96idleness,
	Author = {Golding, Richard and Bosch, Peter and Wilkes, John},
	Institution = {Hewlett-Packard Laboratories},
	Number = {HPL-96-140},
	Title = {Idleness Is Not Sloth},
	Year = {1996}}

@phdthesis{littman96thesis,
	Author = {Littman, Michael},
	School = {Brown University},
	Title = {Algorithms for Sequential Decision Making},
	Year = {1996}}

@article{srivastava96predictive,
	Author = {Srivastava, Mani and Chandrakasan, Anantha and Brodersen, Robert},
	Journal = {IEEE Transactions on Very Large Scale Integration Systems},
	Number = {1},
	Pages = {42-55},
	Title = {Predictive System Shutdown and Other Architectural Techniques for Energy Effcient Programmable Computation},
	Volume = {4},
	Year = {1996}}

@inproceedings{sutton96generalization,
	Author = {Sutton, Richard},
	Booktitle = {Advances in Neural Information Processing Systems 8},
	Pages = {1038-1044},
	Title = {Generalization in Reinforcement Learning: Successful Examples Using Sparse Coarse Coding},
	Year = {1996}}

@inproceedings{zhang96highperformance,
	Author = {Zhang, Wei and Dietterich, Thomas},
	Booktitle = {Advances in Neural Information Processing Systems 8},
	Pages = {1024-1030},
	Title = {High-Performance Job-Shop Scheduling with a Time-Delay {TD}($\lambda$) Network},
	Year = {1996}}

@book{bertsimas97introduction,
	Address = {Belmont, MA},
	Author = {Bertsimas, Dimitris and Tsitsiklis, John},
	Publisher = {Athena Scientific},
	Title = {Introduction to Linear Optimization},
	Year = {1997}}

@inproceedings{charikar97incremental,
	Author = {Charikar, Moses and Chekuri, Chandra and Feder, Tomas and Motwani, Rajeev},
	Booktitle = {Proceedings of the 29th Annual ACM Symposium on Theory of Computing},
	Pages = {626-635},
	Title = {Incremental Clustering and Dynamic Information Retrieval},
	Year = {1997}}

@inproceedings{dechter97minibuckets,
	Author = {Dechter, Rina},
	Booktitle = {Proceedings of the 15th International Joint Conference on Artificial Intelligence},
	Pages = {1297-1303},
	Title = {Mini-Buckets: A General Scheme for Generating Approximations in Automated Reasoning},
	Year = {1997}}

@inproceedings{hwang97predictive,
	Author = {Hwang, Chi-Hong and Wu, Allen},
	Booktitle = {Proceedings of the 1997 IEEE / ACM International Conference on Computer-Aided Design},
	Pages = {28-32},
	Title = {A Predictive System Shutdown Method for Energy Saving of Event-Driven Computation},
	Year = {1997}}

@article{rust97using,
	Author = {Rust, John},
	Journal = {Econometrica},
	Number = {3},
	Pages = {487-516},
	Title = {Using Randomization to Break the Curse of Dimensionality},
	Volume = {65},
	Year = {1997}}

@article{tsitsiklis97analysis,
	Author = {Tsitsiklis, John and {Van Roy}, Benjamin},
	Journal = {IEEE Transactions on Automatic Control},
	Number = {5},
	Pages = {674-690},
	Title = {An Analysis of Temporal-Difference Learning with Function Approximation},
	Volume = {42},
	Year = {1997}}

@book{conway98sphere,
	Address = {New York, NY},
	Author = {Conway, John and Sloane, Neil},
	Publisher = {Springer},
	Title = {Sphere Packings, Lattices and Groups},
	Year = {1998}}

@article{gray98quantization,
	Author = {Gray, Robert and Neuhoff, David},
	Journal = {IEEE Transactions on Information Theory},
	Number = {6},
	Pages = {2325-2383},
	Title = {Quantization},
	Volume = {44},
	Year = {1998}}

@article{higdon98auxiliary,
	Author = {Higdon, David},
	Journal = {Journal of the American Statistical Association},
	Number = {442},
	Pages = {585-595},
	Title = {Auxiliary Variable Methods for {Markov} Chain {Monte Carlo} with Applications},
	Volume = {93},
	Year = {1998}}

@book{papadimitriou98combinatorial,
	Address = {Mineola, NY},
	Author = {Papadimitriou, Christos and Steiglitz, Kenneth},
	Publisher = {Dover Publications},
	Title = {Combinatorial Optimization},
	Year = {1998}}

@book{sutton98reinforcement,
	Address = {Cambridge, MA},
	Author = {Sutton, Richard and Barto, Andrew},
	Publisher = {MIT Press},
	Title = {Reinforcement Learning: An Introduction},
	Year = {1998}}

@phdthesis{vanroy98thesis,
	Author = {{Van Roy}, Benjamin},
	School = {Massachusetts Institute of Technology},
	Title = {Planning Under Uncertainty in Complex Structured Environments},
	Year = {1998}}

@article{benini99policy,
	Author = {Benini, Luca and Bogliolo, Alessandro and Paleologo, Giuseppe and Micheli, Giovanni De},
	Journal = {IEEE Transactions on Computer-Aided Design of Integrated Circuits and Systems},
	Number = {6},
	Pages = {813-833},
	Title = {Policy Optimization for Dynamic Power Management},
	Volume = {18},
	Year = {1999}}

@inproceedings{bennett99semisupervised,
	Author = {Bennett, Kristin and Demiriz, Ayhan},
	Booktitle = {Advances in Neural Information Processing Systems 11},
	Pages = {368-374},
	Title = {Semi-Supervised Support Vector Machines},
	Year = {1999}}

@book{bertsekas99nonlinear,
	Address = {Belmont, MA},
	Author = {Bertsekas, Dimitri},
	Publisher = {Athena Scientific},
	Title = {Nonlinear Programming},
	Year = {1999}}

@article{boutilier99decisiontheoretic,
	Author = {Boutilier, Craig and Dean, Thomas and Hanks, Steve},
	Journal = {Journal of Artificial Intelligence Research},
	Pages = {1-94},
	Title = {Decision-Theoretic Planning: Structural Assumptions and Computational Leverage},
	Volume = {11},
	Year = {1999}}

@inproceedings{chung99dynamic,
	Author = {Chung, Eui-Young and Benini, Luca and de Micheli, Giovanni},
	Booktitle = {Proceedings of the 1999 IEEE / ACM International Conference on Computer-Aided Design},
	Pages = {274-279},
	Title = {Dynamic Power Management Using Adaptive Learning Tree},
	Year = {1999}}

@inproceedings{dearden99model,
	Author = {Dearden, Richard and Friedman, Nir and Andre, David},
	Booktitle = {Proceedings of the 15th Conference on Uncertainty in Artificial Intelligence},
	Pages = {150-159},
	Title = {Model Based {Bayesian} Exploration},
	Year = {1999}}

@phdthesis{gordon99thesis,
	Author = {Gordon, Geoffrey},
	School = {Carnegie Mellon University},
	Title = {Approximate Solutions to {Markov} Decision Processes},
	Year = {1999}}

@inproceedings{hoey99spudd,
	Author = {Hoey, Jesse and St-Aubin, Robert and Hu, Alan and Boutilier, Craig},
	Booktitle = {Proceedings of the 15th Conference on Uncertainty in Artificial Intelligence},
	Pages = {279-288},
	Title = {{SPUDD}: Stochastic Planning Using Decision Diagrams},
	Year = {1999}}

@inproceedings{koller99computing,
	Author = {Koller, Daphne and Parr, Ronald},
	Booktitle = {Proceedings of the 16th International Joint Conference on Artificial Intelligence},
	Pages = {1332-1339},
	Title = {Computing Factored Value Functions for Policies in Structured {MDPs}},
	Year = {1999}}

@article{lowe99object,
	Author = {Lowe, David},
	Journal = {IEEE International Conference on Computer Vision},
	Pages = {1150-1157},
	Title = {Object Recognition from Local Scale-Invariant Features},
	Volume = {2},
	Year = {1999}}

@phdthesis{meila99thesis,
	Author = {Meila, Marina},
	School = {Massachusetts Institute of Technology},
	Title = {Learning with Mixtures of Trees},
	Year = {1999}}

@inproceedings{munos99variable,
	Author = {Munos, Remi and Moore, Andrew},
	Booktitle = {Proceedings of the 16th International Joint Conference on Artificial Intelligence},
	Pages = {1348-1355},
	Title = {Variable Resolution Discretization for High-Accuracy Solutions of Optimal Control Problems},
	Year = {1999}}

@inbook{wahba99support,
	Address = {Cambridge, MA},
	Author = {Wahba, Grace},
	Booktitle = {Advances in Kernel Methods: Support Vector Learning},
	Pages = {69-88},
	Publisher = {MIT Press},
	Title = {Support Vector Machines, Reproducing Kernel Hilbert Spaces, and Randomized GACV},
	Year = {1999}}

@inproceedings{grudic00localizing,
	Author = {Grudic, Gregory and Ungar, Lyle},
	Booktitle = {Proceedings of the 17th International Conference on Machine Learning},
	Pages = {343-350},
	Title = {Localizing Policy Gradient Estimates to Action Transitions},
	Year = {2000}}

@article{hauskrecht00valuefunction,
	Author = {Hauskrecht, Milos},
	Journal = {Journal of Artificial Intelligence Research},
	Pages = {33-94},
	Title = {Value-Function Approximations for Partially Observable {Markov} Decision Processes},
	Volume = {13},
	Year = {2000}}

@article{helmbold00adaptive,
	Author = {Helmbold, David and Long, Darrell and Sconyers, Tracey and Sherrod, Bruce},
	Journal = {Mobile Networks and Applications},
	Number = {4},
	Pages = {285-297},
	Title = {Adaptive Disk Spin-Down for Mobile Computers},
	Volume = {5},
	Year = {2000}}

@inproceedings{koller00policy,
	Author = {Koller, Daphne and Parr, Ronald},
	Booktitle = {Proceedings of the 16th Conference on Uncertainty in Artificial Intelligence},
	Pages = {326-334},
	Title = {Policy Iteration for Factored {MDPs}},
	Year = {2000}}

@inproceedings{konda00actorcritic,
	Author = {Konda, Vijay and Tsitsiklis, John},
	Booktitle = {Advances in Neural Information Processing Systems 12},
	Pages = {1008-1014},
	Title = {Actor-Critic Algorithms},
	Year = {2000}}

@inproceedings{ng00policy,
	Author = {Ng, Andrew and Jordan, Michael},
	Booktitle = {Proceedings of the 16th Conference on Uncertainty in Artificial Intelligence},
	Pages = {406-415},
	Title = {{PEGASUS}: A Policy Search Method for Large {MDPs} and {POMDPs}},
	Year = {2000}}

@inproceedings{sutton00policy,
	Author = {Sutton, Richard and McAllester, David and Singh, Satinder and Mansour, Yishay},
	Booktitle = {Advances in Neural Information Processing Systems 12},
	Pages = {1057-1063},
	Title = {Policy Gradient Methods for Reinforcement Learning with Function Approximation},
	Year = {2000}}

@article{baxter01infinitehorizon,
	Author = {Baxter, Jonathan and Bartlett, Peter},
	Journal = {Journal of Artificial Intelligence Research},
	Pages = {319-350},
	Title = {Infinite-Horizon Policy-Gradient Estimation},
	Volume = {15},
	Year = {2001}}

@article{baxter01experiments,
	Author = {Baxter, Jonathan and Bartlett, Peter and Weaver, Lex},
	Journal = {Journal of Artificial Intelligence Research},
	Pages = {351-381},
	Title = {Experiments with Infinite-Horizon, Policy-Gradient Estimation},
	Volume = {15},
	Year = {2001}}

@inproceedings{boyan01exact,
	Author = {Boyan, Justin and Littman, Michael},
	Booktitle = {Advances in Neural Information Processing Systems 13},
	Pages = {1026-1032},
	Title = {Exact Solutions to Time-Dependent {MDPs}},
	Year = {2001}}

@manual{chang01libsvm,
	Author = {Chang, Chih-Chung and Lin, Chih-Jen},
	Note = {Software available at http://www.csie.ntu.edu.tw/~cjlin/libsvm},
	Title = {{LIBSVM}: a library for support vector machines},
	Year = {2001}}

@inproceedings{guestrin01maxnorm,
	Author = {Guestrin, Carlos and Koller, Daphne and Parr, Ronald},
	Booktitle = {Proceedings of the 17th International Joint Conference on Artificial Intelligence},
	Pages = {673-682},
	Title = {Max-Norm Projections for Factored {MDPs}},
	Year = {2001}}

@article{marbach01simulationbased,
	Author = {Marbach, Peter and Tsitsiklis, John},
	Journal = {IEEE Transactions on Automatic Control},
	Number = {2},
	Pages = {191-209},
	Title = {Simulation-Based Optimization of {Markov} Reward Processes},
	Volume = {46},
	Year = {2001}}

@techreport{meuleau01exploration,
	Author = {Meuleau, Nicolas and Peshkin, Leonid and Kim, Kee-Eung},
	Institution = {Massachusetts Institute of Technology},
	Number = {1713 (AI Memo 2001-003)},
	Title = {Exploration in Gradient-Based Reinforcement Learning},
	Year = {2001}}

@inproceedings{park01approximating,
	Author = {Park, James and Darwiche, Adnan},
	Booktitle = {Proceedings of the 17th Conference on Uncertainty in Artificial Intelligence},
	Pages = {403-410},
	Title = {Approximating {MAP} Using Local Search},
	Year = {2001}}

@inproceedings{shelton01policy,
	Author = {Shelton, Christian},
	Booktitle = {Proceedings of the 17th Conference on Uncertainty in Artificial Intelligence},
	Pages = {496-503},
	Title = {Policy Improvement for {POMDPs} Using Normalized Importance Sampling},
	Year = {2001}}

@article{auer02finitetime,
	Author = {Auer, Peter and Cesa-Bianchi, Nicolo and Fischer, Paul},
	Journal = {Machine Learning},
	Pages = {235-256},
	Title = {Finite-time Analysis of the Multiarmed Bandit Problem},
	Volume = {47},
	Year = {2002}}

@article{auer02nonstochastic,
	Author = {Auer, Peter and Cesa-Bianchi, Nicolo and Freund, Yoav and Schapire, Robert},
	Journal = {{SIAM} Journal on Computing},
	Number = {1},
	Pages = {48-77},
	Title = {The Nonstochastic Multiarmed Bandit Problem},
	Volume = {32},
	Year = {2002}}

@article{auer02using,
	Author = {Auer, Peter},
	Journal = {Journal of Machine Learning Research},
	Pages = {397-422},
	Title = {Using Confidence Bounds for Exploitation-Exploration Trade-offs},
	Volume = {3},
	Year = {2002}}

@article{bousquet02stability,
	Author = {Bousquet, Olivier and Elisseeff, Andre},
	Journal = {Journal of Machine Learning Research},
	Pages = {499-526},
	Title = {Stability and Generalization},
	Volume = {2},
	Year = {2002}}

@inproceedings{bresina02planning,
	Author = {Bresina, John and Dearden, Richard and Meuleau, Nicolas and Ramakrishnan, Sailesh and Smith, David and Washington, Rich},
	Booktitle = {Proceedings of the 18th Conference on Uncertainty in Artificial Intelligence},
	Pages = {77-84},
	Title = {Planning Under Continuous Time and Resource Uncertainty: A Challenge for {AI}},
	Year = {2002}}

@inproceedings{guestrin02multiagent,
	Author = {Guestrin, Carlos and Koller, Daphne and Parr, Ronald},
	Booktitle = {Advances in Neural Information Processing Systems 14},
	Pages = {1523-1530},
	Title = {Multiagent Planning with Factored {MDPs}},
	Year = {2002}}

@inproceedings{guestrin02context,
	Author = {Guestrin, Carlos and Venkataraman, Shobha and Koller, Daphne},
	Booktitle = {Proceedings of the 18th National Conference on Artificial Intelligence},
	Pages = {253-259},
	Title = {Context Specific Multiagent Coordination and Planning with Factored {MDPs}},
	Year = {2002}}

@article{munos02variable,
	Author = {Munos, Remi and Moore, Andrew},
	Journal = {Machine Learning},
	Pages = {291-323},
	Title = {Variable Resolution Discretization in Optimal Control},
	Volume = {49},
	Year = {2002}}

@inproceedings{nodelman02continuous,
	Author = {Nodelman, Uri and Shelton, Christian and Koller, Daphne},
	Booktitle = {Proceedings of the 18th Conference on Uncertainty in Artificial Intelligence},
	Pages = {378-387},
	Title = {Continuous Time {Bayesian} Networks},
	Year = {2002}}

@article{ormoneit02kernelbased,
	Author = {Ormoneit, Dirk and Sen, Saunak},
	Journal = {Machine Learning},
	Pages = {161-178},
	Title = {Kernel-Based Reinforcement Learning},
	Volume = {49},
	Year = {2002}}

@phdthesis{ortiz02thesis,
	Author = {Ortiz, Luis},
	School = {Brown University},
	Title = {Selecting Approximately-Optimal Actions in Complex Structured Domains},
	Year = {2002}}

@inproceedings{park02map,
	Author = {Park, James},
	Booktitle = {Proceedings of the 18th Conference on Uncertainty in Artificial Intelligence},
	Pages = {388-396},
	Title = {{MAP} Complexity Results and Approximation Methods},
	Year = {2002}}

@inproceedings{patrascu02greedy,
	Author = {Patrascu, Relu and Poupart, Pascal and Schuurmans, Dale and Boutilier, Craig and Guestrin, Carlos},
	Booktitle = {Proceedings of the 18th National Conference on Artificial Intelligence},
	Pages = {285-291},
	Title = {Greedy Linear Value-Approximation for Factored {Markov} Decision Processes},
	Year = {2002}}

@inproceedings{poupart02piecewise,
	Author = {Poupart, Pascal and Boutilier, Craig and Patrascu, Relu and Schuurmans, Dale},
	Booktitle = {Proceedings of the 18th National Conference on Artificial Intelligence},
	Pages = {292-299},
	Title = {Piecewise Linear Value Function Approximation for Factored {MDPs}},
	Year = {2002}}

@inproceedings{schuurmans02direct,
	Author = {Schuurmans, Dale and Patrascu, Relu},
	Booktitle = {Advances in Neural Information Processing Systems 14},
	Pages = {1579-1586},
	Title = {Direct Value-Approximation for Factored {MDPs}},
	Year = {2002}}

@incollection{simunic02dynamic,
	Address = {New York, NY},
	Author = {Simunic, Tajana},
	Booktitle = {Power Aware Computing},
	Publisher = {Kluwer Academic Publishers},
	Title = {Dynamic Management of Power Consumption},
	Year = {2002}}

@article{andrieu03introduction,
	Author = {Andrieu, Christophe and de Freitas, Nando and Doucet, Arnaud and Jordan, Michael},
	Journal = {Machine Learning},
	Pages = {5-43},
	Title = {An Introduction to {MCMC} for Machine Learning},
	Volume = {50},
	Year = {2003}}

@article{brafman03rmax,
	Author = {Brafman, Ronen and Tennenholtz, Moshe},
	Journal = {Journal of Machine Learning Research},
	Pages = {213-231},
	Title = {{R-MAX} -- A General Polynomial Time Algorithm for Near-Optimal Reinforcement Learning},
	Volume = {3},
	Year = {2003}}

@article{dasgupta03theoretical,
	Author = {Dasgupta, Sanjoy and Lee, Wee Sun and Long, Philip},
	Journal = {Machine Learning},
	Number = {3},
	Pages = {283-298},
	Title = {A Theoretical Analysis of Query Selection for Collaborative Filtering},
	Volume = {51},
	Year = {2003}}

@article{defarias03linear,
	Author = {de Farias, Daniela Pucci and {Van Roy}, Benjamin},
	Journal = {Operations Research},
	Number = {6},
	Pages = {850-856},
	Title = {The Linear Programming Approach to Approximate Dynamic Programming},
	Volume = {51},
	Year = {2003}}

@inbook{edmonds03submodular,
	Address = {New York, NY},
	Author = {Edmonds, Jack},
	Booktitle = {Combinatorial Optimization -- Eureka, You Shrink!},
	Pages = {11-26},
	Publisher = {Springer-Verlag},
	Title = {Submodular Functions, Matroids, and Certain Polyhedra},
	Year = {2003}}

@inproceedings{gramacy03adaptive,
	Author = {Gramacy, Robert and Warmuth, Manfred and Brandt, Scott and Ari, Ismail},
	Booktitle = {Advances in Neural Information Processing Systems 15},
	Pages = {1465-1472},
	Title = {Adaptive Caching by Refetching},
	Year = {2003}}

@article{guestrin03efficient,
	Author = {Guestrin, Carlos and Koller, Daphne and Parr, Ronald and Venkataraman, Shobha},
	Journal = {Journal of Artificial Intelligence Research},
	Pages = {399-468},
	Title = {Efficient Solution Algorithms for Factored {MDPs}},
	Volume = {19},
	Year = {2003}}

@inproceedings{guestrin03generalizing,
	Author = {Guestrin, Carlos and Koller, Daphne and Gearhart, Chris and Kanodia, Neal},
	Booktitle = {Proceedings of the 18th International Joint Conference on Artificial Intelligence},
	Pages = {1003-1010},
	Title = {Generalizing Plans to New Environments in Relational {MDPs}},
	Year = {2003}}

@phdthesis{guestrin03thesis,
	Author = {Guestrin, Carlos},
	School = {Stanford University},
	Title = {Planning Under Uncertainty in Complex Structured Environments},
	Year = {2003}}

@inproceedings{kempe03maximizing,
	Author = {Kempe, David and Kleinberg, Jon and Tardos, Eva},
	Booktitle = {Proceedings of the 9th ACM SIGKDD International Conference on Knowledge Discovery and Data Mining},
	Pages = {137-146},
	Title = {Maximizing the Spread of Influence through a Social Network},
	Year = {2003}}

@article{lagoudakis03leastsquares,
	Author = {Lagoudakis, Michail and Parr, Ronald},
	Journal = {Journal of Machine Learning Research},
	Pages = {1107-1149},
	Title = {Least-Squares Policy Iteration},
	Volume = {4},
	Year = {2003}}

@inproceedings{lee03videobased,
	Author = {Lee, Kuang-Chih and Ho, Jeffrey and Yang, Ming-Hsuan and Kriegman, David},
	Booktitle = {Proceedings of the IEEE Computer Society Conference on Computer Vision and Pattern Recognition},
	Pages = {313-320},
	Title = {Video-Based Face Recognition Using Probabilistic Appearance Manifolds},
	Year = {2003}}

@inproceedings{park03solving,
	Author = {Park, James and Darwiche, Adnan},
	Booktitle = {Proceedings of the 19th Conference on Uncertainty in Artificial Intelligence},
	Pages = {459-468},
	Title = {Solving {MAP} Exactly Using Systematic Search},
	Year = {2003}}

@inproceedings{pineau03pointbased,
	Author = {Pineau, Joelle and Gordon, Geoffrey and Thrun, Sebastian},
	Booktitle = {Proceedings of the 18th International Joint Conference on Artificial Intelligence},
	Pages = {1025-1032},
	Title = {Point-Based Value Iteration: An Anytime Algorithm for {POMDPs}},
	Year = {2003}}

@inproceedings{smola03kernels,
	Author = {Smola, Alexander and Kondor, Risi},
	Booktitle = {Proceedings of the 16th Annual Conference on Learning Theory and the 7th Workshop on Kernel Machines},
	Title = {Kernels and Regularization on Graphs},
	Year = {2003}}

@article{zhao03face,
	Author = {Zhao, Wen-Yi and Chellappa, Rama and Phillips, P. and Rosenfeld, Azriel},
	Journal = {ACM Computing Surveys},
	Number = {4},
	Pages = {399-458},
	Title = {Face Recognition: A Literature Survey},
	Volume = {35},
	Year = {2003}}

@article{zhou03probabilistic,
	Author = {Zhou, Shaohua and Kruger, Volker and Chellappa, Rama},
	Journal = {Computer Vision and Image Understanding},
	Number = {1-2},
	Pages = {214-245},
	Title = {Probabilistic Recognition of Human Faces from Video},
	Volume = {91},
	Year = {2003}}

@inproceedings{zhu03semisupervised,
	Author = {Zhu, Xiaojin and Ghahramani, Zoubin and Lafferty, John},
	Booktitle = {Proceedings of the 20th International Conference on Machine Learning},
	Pages = {912-919},
	Title = {Semi-Supervised Learning Using {Gaussian} Fields and Harmonic Functions},
	Year = {2003}}

@inproceedings{zinkevich03online,
	Author = {Zinkevich, Martin},
	Booktitle = {Proceedings of the 20th International Conference on Machine Learning},
	Pages = {928-936},
	Title = {Online Convex Programming and Generalized Infinitesimal Gradient Ascent},
	Year = {2003}}

@inproceedings{belkin04regularization,
	Author = {Belkin, Mikhail and Matveeva, Irina and Niyogi, Partha},
	Booktitle = {Proceeding of the 17th Annual Conference on Learning Theory},
	Pages = {624-638},
	Title = {Regularization and Semi-Supervised Learning on Large Graphs},
	Year = {2004}}

@inproceedings{choi04analysis,
	Author = {Choi, Baek-Young and Moon, Sue and Zhang, Zhi-Li and Papagiannaki, Konstantina and Diot, Christophe},
	Booktitle = {Proceedings of the 23rd Annual Joint Conference of the IEEE Computer and Communications Societies},
	Title = {Analysis of Point-To-Point Packet Delay in an Operational Network},
	Year = {2004}}

@article{defarias04constraint,
	Author = {de Farias, Daniela Pucci and {Van Roy}, Benjamin},
	Journal = {Mathematics of Operations Research},
	Number = {3},
	Pages = {462-478},
	Title = {On Constraint Sampling for the Linear Programming Approach to Approximate Dynamic Programming},
	Volume = {29},
	Year = {2004}}

@inproceedings{feng04dynamic,
	Author = {Feng, Zhengzhu and Dearden, Richard and Meuleau, Nicolas and Washington, Richard},
	Booktitle = {Proceedings of the 20th Conference on Uncertainty in Artificial Intelligence},
	Pages = {154-161},
	Title = {Dynamic Programming for Structured Continuous {Markov} Decision Problems},
	Year = {2004}}

@inproceedings{guestrin04solving,
	Author = {Guestrin, Carlos and Hauskrecht, Milos and Kveton, Branislav},
	Booktitle = {Proceedings of the 20th Conference on Uncertainty in Artificial Intelligence},
	Pages = {235-242},
	Title = {Solving Factored {MDPs} with Continuous and Discrete Variables},
	Year = {2004}}

@inproceedings{hauskrecht04linear,
	Author = {Hauskrecht, Milos and Kveton, Branislav},
	Booktitle = {Advances in Neural Information Processing Systems 16},
	Pages = {895-902},
	Title = {Linear Program Approximations for Factored Continuous-State {Markov} Decision Processes},
	Year = {2004}}

@article{kivinen04online,
	Author = {Kivinen, Jyrki and Smola, Alexander and Williamson, Robert},
	Journal = {IEEE Transactions on Signal Processing},
	Number = {8},
	Pages = {2165-2176},
	Title = {Online Learning with Kernels},
	Volume = {52},
	Year = {2004}}

@inproceedings{kveton04heuristic,
	Author = {Kveton, Branislav and Hauskrecht, Milos},
	Booktitle = {Proceedings of the 14th International Conference on Automated Planning and Scheduling},
	Pages = {306-314},
	Title = {Heuristic Refinements of Approximate Linear Programming for Factored Continuous-State {Markov} Decision Processes},
	Year = {2004}}

@inproceedings{ng04inverted,
	Author = {Ng, Andrew and Coates, Adam and Diel, Mark and Ganapathi, Varun and Schulte, Jamie and Tse, Ben and Berger, Eric and Liang, Eric},
	Booktitle = {International Symposium on Experimental Robotics},
	Title = {Inverted Autonomous Helicopter Flight via Reinforcement Learning},
	Year = {2004}}

@article{smola04tutorial,
	Author = {Smola, Alex and Scholkopf, Bernhard},
	Journal = {Statistics and Computing},
	Number = {3},
	Pages = {199-222},
	Title = {A Tutorial on Support Vector Regression},
	Volume = {14},
	Year = {2004}}

@article{spring04measuring,
	Author = {Spring, Neil and Mahajan, Ratul and Wetherall, David},
	Journal = {IEEE / ACM Transactions on Networking},
	Number = {1},
	Pages = {2-16},
	Title = {Measuring {ISP} Topologies with {Rocketfuel}},
	Volume = {12},
	Year = {2004}}

@inproceedings{taskar04maxmargin,
	Author = {Taskar, Benjamin and Guestrin, Carlos and Koller, Daphne},
	Booktitle = {Advances in Neural Information Processing Systems 16},
	Title = {Max-Margin {Markov} Networks},
	Year = {2004}}

@inproceedings{younes04solving,
	Author = {Younes, Hakan and Simmons, Reid},
	Booktitle = {Proceedings of the 19th National Conference on Artificial Intelligence},
	Pages = {742-747},
	Title = {Solving Generalized Semi-{Markov} Decision Processes Using Continuous Phase-Type Distributions},
	Year = {2004}}

@inproceedings{yuan04annealed,
	Author = {Yuan, Changhe and Lu, Tsai-Ching and Druzdzel, Marek},
	Booktitle = {Proceedings of the 20th Conference on Uncertainty in Artificial Intelligence},
	Pages = {628-635},
	Title = {Annealed {MAP}},
	Year = {2004}}

@inproceedings{balcan05application,
	Author = {Balcan, Maria-Florina and Blum, Avrim and Choi, Patrick Pakyan and Lafferty, John and Pantano, Brian and Rwebangira, Mugizi Robert and Zhu, Xiaojin},
	Booktitle = {ICML 2005 Workshop on Learning with Partially Classified Training Data},
	Title = {Person Identification in Webcam Images: An Application of Semi-Supervised Learning},
	Year = {2005}}

@inproceedings{dasgupta05analysis,
	Author = {Dasgupta, Sanjoy},
	Booktitle = {Advances in Neural Information Processing Systems 17},
	Pages = {337-344},
	Title = {Analysis of a Greedy Active Learning Strategy},
	Year = {2005}}

@inproceedings{defarias05exploration,
	Author = {de Farias, Daniela Pucci and Megiddo, Nimrod},
	Booktitle = {Advances in Neural Information Processing Systems 17},
	Pages = {409-416},
	Title = {Exploration-Exploitation Tradeoffs for Experts Algorithms in Reactive Environments},
	Year = {2005}}

@article{ernst05treebased,
	Author = {Ernst, Damien and Geurts, Pierre and Wehenkel, Louis},
	Journal = {Journal of Machine Learning Research},
	Pages = {503-556},
	Title = {Tree-Based Batch Mode Reinforcement Learning},
	Volume = {6},
	Year = {2005}}

@inproceedings{ferns05metrics,
	Author = {Ferns, Norm and Panangaden, Prakash and Precup, Doina},
	Booktitle = {Proceedings of the 21st Conference on Uncertainty in Artificial Intelligence},
	Title = {Metrics for {Markov} Decision Processes with Infinite State Spaces},
	Year = {2005}}

@book{fujishige05submodular,
	Address = {Amsterdam, The Netherlands},
	Author = {Fujishige, Satoru},
	Publisher = {Elsevier},
	Title = {Submodular Functions and Optimization},
	Year = {2005}}

@inproceedings{kveton05mcmc,
	Author = {Kveton, Branislav and Hauskrecht, Milos},
	Booktitle = {Proceedings of the 19th International Joint Conference on Artificial Intelligence},
	Pages = {1346-1351},
	Title = {An {MCMC} Approach to Solving Hybrid Factored {MDPs}},
	Year = {2005}}

@inproceedings{li05lazy,
	Author = {Li, Lihong and Littman, Michael},
	Booktitle = {Proceedings of the 20th National Conference on Artificial Intelligence},
	Pages = {1175-1180},
	Title = {Lazy Approximation for Solving Continuous Finite-Horizon {MDPs}},
	Year = {2005}}

@inproceedings{mahadevan05samuel,
	Author = {Mahadevan, Sridhar},
	Booktitle = {Proceedings of the 20th National Conference on Artificial Intelligence},
	Pages = {1000-1005},
	Title = {Samuel Meets {Amarel}: Automating Value Function Approximation Using Global State Space Analysis},
	Year = {2005}}

@article{oliveira05survey,
	Author = {Oliveira, Carlos and Pardalos, Panos},
	Journal = {Computers and Operations Research},
	Number = {8},
	Pages = {1953-1981},
	Title = {A Survey of Combinatorial Optimization Problems in Multicast Routing},
	Volume = {32},
	Year = {2005}}

@inproceedings{radlinski05query,
	Author = {Radlinski, Filip and Joachims, Thorsten},
	Booktitle = {Proceedings of the 11th ACM SIGKDD International Conference on Knowledge Discovery and Data Mining},
	Pages = {239-248},
	Title = {Query Chains: Learning to Rank from Implicit Feedback},
	Year = {2005}}

@inproceedings{sanner05approximate,
	Author = {Sanner, Scott and Boutilier, Craig},
	Booktitle = {Proceedings of the 21st Conference on Uncertainty in Artificial Intelligence},
	Title = {Approximate Linear Programming for First-Order {MDPs}},
	Year = {2005}}

@inproceedings{agichtein06improving,
	Author = {Agichtein, Eugene and Brill, Eric and Dumais, Susan},
	Booktitle = {Proceedings of the 29th Annual International ACM SIGIR Conference},
	Pages = {19-26},
	Title = {Improving Web Search Ranking by Incorporating User Behavior Information},
	Year = {2006}}

@inproceedings{altun06maximum,
	Author = {Altun, Yasemin and McAllester, David and Belkin, Mikhail},
	Booktitle = {Advances in Neural Information Processing Systems 18},
	Pages = {33-40},
	Title = {Maximum Margin Semi-Supervised Learning for Structured Variables},
	Year = {2006}}

@article{belkin06manifold,
	Author = {Belkin, Mikhail and Niyogi, Partha and Sindhwani, Vikas},
	Journal = {Journal of Machine Learning Research},
	Pages = {2399-2434},
	Title = {Manifold Regularization: A Geometric Framework for Learning from Labeled and Unlabeled Examples},
	Volume = {7},
	Year = {2006}}

@inproceedings{beygelzimer06cover,
	Author = {Beygelzimer, Alina and Kakade, Sham and Langford, John},
	Booktitle = {Proceedings of the 23rd International Conference on Machine Learning},
	Pages = {97-104},
	Title = {Cover Trees for Nearest Neighbor},
	Year = {2006}}

@book{cesabianchi06prediction,
	Address = {New York, NY},
	Author = {Cesa-Bianchi, Nicolo and Lugosi, Gabor},
	Publisher = {Cambridge University Press},
	Title = {Prediction, Learning, and Games},
	Year = {2006}}

@inproceedings{dhiman06dynamic,
	Author = {Dhiman, Gaurav and Simunic, Tajana},
	Booktitle = {Proceedings of the 2006 IEEE / ACM International Conference on Computer-Aided Design},
	Title = {Dynamic Power Management Using Machine Learning},
	Year = {2006}}

@inproceedings{hauskrecht06approximate,
	Author = {Hauskrecht, Milos and Kveton, Branislav},
	Booktitle = {Proceedings of the 9th International Symposium on Artificial Intelligence and Mathematics},
	Title = {Approximate Linear Programming for Solving Hybrid Factored {MDPs}},
	Year = {2006}}

@inproceedings{jong06kernelbased,
	Author = {Jong, Nicholas and Stone, Peter},
	Booktitle = {ICML 2006 Workshop on Kernel Methods and Reinforcement Learning},
	Title = {Kernel-Based Models for Reinforcement Learning},
	Year = {2006}}

@inproceedings{kveton06solving,
	Author = {Kveton, Branislav and Hauskrecht, Milos},
	Booktitle = {Proceedings of the 16th International Conference on Automated Planning and Scheduling},
	Pages = {114-120},
	Title = {Solving Factored {MDPs} with Exponential-Family Transition Models},
	Year = {2006}}

@inproceedings{kveton06learning,
	Author = {Kveton, Branislav and Hauskrecht, Milos},
	Booktitle = {Proceedings of the 21st National Conference on Artificial Intelligence},
	Pages = {1161-1166},
	Title = {Learning Basis Functions in Hybrid Domains},
	Year = {2006}}

@article{kveton06jair,
	Author = {Kveton, Branislav and Hauskrecht, Milos and Guestrin, Carlos},
	Journal = {Journal of Artificial Intelligence Research},
	Pages = {153-201},
	Title = {Solving Factored {MDPs} with Hybrid State and Action Variables},
	Volume = {27},
	Year = {2006}}

@phdthesis{kveton06thesis,
	Author = {Kveton, Branislav},
	School = {University of Pittsburgh},
	Title = {Planning in Hybrid Structured Stochastic Domains},
	Year = {2006}}

@inproceedings{mahadevan06value,
	Author = {Mahadevan, Sridhar and Maggioni, Mauro},
	Booktitle = {Advances in Neural Information Processing Systems 18},
	Pages = {843-850},
	Title = {Value Function Approximation with Diffusion Wavelets and {Laplacian} Eigenfunctions},
	Year = {2006}}

@inproceedings{mahadevan06learning,
	Author = {Mahadevan, Sridhar and Maggioni, Mauro and Ferguson, Kimberly and Osentoski, Sarah},
	Booktitle = {Proceedings of the 21st National Conference on Artificial Intelligence},
	Title = {Learning Representation and Control in Continuous {Markov} Decision Processes},
	Year = {2006}}

@inproceedings{mannor06online,
	Author = {Mannor, Shie and Tsitsiklis, John},
	Booktitle = {Proceedings of 19th Annual Conference on Learning Theory},
	Pages = {529-543},
	Title = {Online Learning with Constraints},
	Year = {2006}}

@inproceedings{sanner06practical,
	Author = {Sanner, Scott and Boutilier, Craig},
	Booktitle = {Proceedings of the 22nd Conference on Uncertainty in Artificial Intelligence},
	Title = {Practical Linear Value-Approximation Techniques for First-Order {MDPs}},
	Year = {2006}}

@inproceedings{becker07modeling,
	Author = {Becker, Hila and Meek, Christopher and Chickering, David Maxwell},
	Booktitle = {Proceedings of the 22nd AAAI Conference on Artificial Intelligence},
	Pages = {1310-1315},
	Title = {Modeling Contextual Factors of Click Rates},
	Year = {2007}}

@article{hazan07logarithmic,
	Author = {Hazan, Elad and Agarwal, Amit and Kale, Satyen},
	Journal = {Machine Learning},
	Number = {2-3},
	Pages = {169-192},
	Title = {Logarithmic Regret Algorithms for Online Convex Optimization},
	Volume = {69},
	Year = {2007}}

@inproceedings{kveton07adaptive,
	Author = {Kveton, Branislav and Gandhi, Prashant and Theocharous, Georgios and Mannor, Shie and Rosario, Barbara and Shah, Nilesh},
	Booktitle = {Proceedings of the 22nd National Conference on Artificial Intelligence},
	Pages = {1795-1800},
	Title = {Adaptive Timeout Policies for Fast Fine-Grained Power Management},
	Year = {2007}}

@inproceedings{marecki07fast,
	Author = {Marecki, Janusz and Koenig, Sven and Tambe, Milind},
	Booktitle = {Proceedings of the 20th International Joint Conference on Artificial Intelligence},
	Title = {A Fast Analytical Algorithm for Solving {Markov} Decision Processes with Continuous Resources},
	Year = {2007}}

@inproceedings{ratliff07online,
	Author = {Ratliff, Nathan and Bagnell, Andrew and Zinkevich, Martin},
	Booktitle = {Proceedings of the 11th International Conference on Artificial Intelligence and Statistics},
	Title = {({Online}) Subgradient Methods for Structured Prediction},
	Year = {2007}}

@inproceedings{richardson07predicting,
	Author = {Richardson, Matthew and Dominowska, Ewa and Ragno, Robert},
	Booktitle = {Proceedings of the 16th International Conference on World Wide Web},
	Pages = {521-530},
	Title = {Predicting Clicks: Estimating the Click-Through Rate for New Ads},
	Year = {2007}}

@inproceedings{ashbrook08quickdraw,
	Author = {Ashbrook, Daniel and Clawson, James and Lyons, Kent and Starner, Thad and Patel, Nirmal},
	Booktitle = {Proceedings of the 2008 Conference on Human Factors in Computing Systems},
	Pages = {219-222},
	Title = {Quickdraw: The Impact of Mobility and On-Body Placement on Device Access Time},
	Year = {2008}}

@inproceedings{cortes08stability,
	Author = {Cortes, Corinna and Mohri, Mehryar and Pechyony, Dmitry and Rastogi, Ashish},
	Booktitle = {Proceedings of the 25th International Conference on Machine Learning},
	Pages = {176-183},
	Title = {Stability of Transductive Regression Algorithms},
	Year = {2008}}

@inproceedings{craswell08experimental,
	Author = {Craswell, Nick and Zoeter, Onno and Taylor, Michael and Ramsey, Bill},
	Booktitle = {Proceedings of the 1st ACM International Conference on Web Search and Data Mining},
	Pages = {87-94},
	Title = {An Experimental Comparison of Click Position-Bias Models},
	Year = {2008}}

@inproceedings{dani08price,
	Author = {Dani, Varsha and Hayes, Thomas and Kakade, Sham},
	Booktitle = {Advances in Neural Information Processing Systems 20},
	Pages = {345-352},
	Title = {The Price of Bandit Information for Online Optimization},
	Year = {2008}}

@inproceedings{dani08stochastic,
	Author = {Dani, Varsha and Hayes, Thomas and Kakade, Sham},
	Booktitle = {Proceedings of the 21st Annual Conference on Learning Theory},
	Pages = {355-366},
	Title = {Stochastic Linear Optimization under Bandit Feedback},
	Year = {2008}}

@inproceedings{goldberg08online,
	Author = {Goldberg, Andrew and Li, Ming and Zhu, Xiaojin},
	Booktitle = {Proceeding of European Conference on Machine Learning and Principles and Practice of Knowledge Discovery in Databases},
	Title = {Online Manifold Regularization: A New Learning Setting and Empirical Study},
	Year = {2008}}

@inproceedings{grabner08semisupervised,
	Author = {Grabner, Helmut and Leistner, Christian and Bischof, Horst},
	Booktitle = {Proceedings of the 10th European Conference on Computer Vision},
	Pages = {234-247},
	Title = {Semi-Supervised On-Line Boosting for Robust Tracking},
	Year = {2008}}

@article{krause08nearoptimal,
	Author = {Krause, Andreas and Singh, Ajit Paul and Guestrin, Carlos},
	Journal = {Journal of Machine Learning Research},
	Pages = {235-284},
	Title = {Near-Optimal Sensor Placements in {Gaussian} Processes: Theory, Efficient Algorithms and Empirical Studies},
	Volume = {9},
	Year = {2008}}

@inproceedings{radlinski08learning,
	Author = {Radlinski, Filip and Kleinberg, Robert and Joachims, Thorsten},
	Booktitle = {Proceedings of the 25th International Conference on Machine Learning},
	Pages = {784-791},
	Title = {Learning Diverse Rankings with Multi-Armed Bandits},
	Year = {2008}}

@inproceedings{sutton08dyna,
	Author = {Sutton, Richard and Szepesvari, Csaba and Geramifard, Alborz and Bowling, Michael},
	Booktitle = {Proceedings of the 24th Conference on Uncertainty in Artificial Intelligence},
	Pages = {528-536},
	Title = {Dyna-Style Planning with Linear Function Approximation and Prioritized Sweeping},
	Year = {2008}}

@article{torralba0880,
	Author = {Torralba, Antonio and Fergus, Robert and Freeman, William},
	Journal = {IEEE Transactions on Pattern Analysis and Machine Intelligence},
	Number = {11},
	Pages = {1958-1970},
	Title = {80 Million Tiny Images: A Large Data Set for Nonparametric Object and Scene Recognition},
	Volume = {30},
	Year = {2008}}

@techreport{zhu08semisupervised,
	Author = {Zhu, Xiaojin},
	Institution = {University of Wisconsin-Madison},
	Number = {1530},
	Title = {Semi-Supervised Learning Literature Survey},
	Year = {2008}}

@article{arandjelovic09methodology,
	Author = {Arandjelovic, Ognjen and Cipolla, Roberto},
	Journal = {Computer Vision and Image Understanding},
	Number = {2},
	Pages = {159-171},
	Title = {A Methodology for Rapid Illumination-Invariant Face Recognition using Image Processing Filters},
	Volume = {113},
	Year = {2009}}

@inproceedings{audibert09minimax,
	Author = {Audibert, Jean-Yves and Bubeck, Sebastien},
	Booktitle = {Proceedings of the 22nd Annual Conference on Learning Theory},
	Title = {Minimax Policies for Adversarial and Stochastic Bandits},
	Year = {2009}}

@inproceedings{babenko09visual,
	Author = {Babenko, Boris and Yang, Ming-Hsuan and Belongie, Serge},
	Booktitle = {Proceedings of the IEEE Computer Society Conference on Computer Vision and Pattern Recognition},
	Title = {Visual Tracking with Online Multiple Instance Learning},
	Year = {2009}}

@inproceedings{butko09visual,
	Author = {Butko, Nicholas and Movellan, Javier},
	Booktitle = {Proceedings of the IEEE Computer Society Conference on Computer Vision and Pattern Recognition},
	Title = {Optimal Scanning for Faster Object Detection},
	Year = {2009}}

@inproceedings{chang09inferring,
	Author = {Chang, Keng{\-h}ao and Hightower, Jeffrey and Kveton, Branislav},
	Booktitle = {Proceedings of the 7th International Conference on Pervasive Computing},
	Pages = {151-167},
	Title = {Inferring Identity Using Accelerometers in Television Remote Controls},
	Year = {2009}}

@inproceedings{chapelle09dynamic,
	Author = {Chapelle, Olivier and Zhang, Ya},
	Booktitle = {Proceedings of the 18th International Conference on World Wide Web},
	Pages = {1-10},
	Title = {A Dynamic Bayesian Network Click Model for Web Search Ranking},
	Year = {2009}}

@inproceedings{guo09click,
	Author = {Guo, Fan and Liu, Chao and Kannan, Anitha and Minka, Tom and Taylor, Michael and Wang, Yi Min and Faloutsos, Christos},
	Booktitle = {Proceedings of the 18th International Conference on World Wide Web},
	Pages = {11-20},
	Title = {Click Chain Model in Web Search},
	Year = {2009}}

@inproceedings{guo09efficient,
	Author = {Guo, Fan and Liu, Chao and Wang, Yi Min},
	Booktitle = {Proceedings of the 2nd ACM International Conference on Web Search and Data Mining},
	Pages = {124-131},
	Title = {Efficient Multiple-Click Models in Web Search},
	Year = {2009}}

@article{koren09matrix,
	Author = {Koren, Yehuda and Bell, Robert and Volinsky, Chris},
	Journal = {IEEE Computer},
	Number = {8},
	Pages = {30-37},
	Title = {Matrix Factorization Techniques for Recommender Systems},
	Volume = {42},
	Year = {2009}}

@techreport{kriz09learning,
	Author = {Krizhevsky, Alex},
	Institution = {University of Toronto},
	Title = {Learning Multiple Layers of Features from Tiny Images},
	Year = {2009}}

@inproceedings{nouri09multiresolution,
	Author = {Nouri, Ali and Littman, Michael},
	Booktitle = {Advances in Neural Information Processing Systems 21},
	Pages = {1209-1216},
	Title = {Multi-Resolution Exploration in Continuous Spaces},
	Year = {2009}}

@inproceedings{pinto09howfar,
	Author = {Pinto, Nicolas and DiCarlo, James and Cox, David},
	Booktitle = {Proceedings of the IEEE Computer Society Conference on Computer Vision and Pattern Recognition},
	Title = {How Far Can You Get with a Modern Face Recognition Test Set Using Only Simple Features?},
	Year = {2009}}

@inproceedings{yan09approximate,
	Author = {Yan, Donghui and Huang, Ling and Jordan, Michael},
	Booktitle = {Proceedings of the 15th ACM SIGKDD International Conference on Knowledge Discovery and Data Mining},
	Title = {Fast Approximate Spectral Clustering},
	Year = {2009}}

@inproceedings{filippi10parametric,
	Author = {Filippi, Sarah and Cappe, Olivier and Garivier, Aurelien and Szepesvari, Csaba},
	Booktitle = {Advances in Neural Information Processing Systems 23},
	Pages = {586-594},
	Title = {Parametric Bandits: The Generalized Linear Case},
	Year = {2010}}

@phdthesis{filippi10thesis,
	Author = {Filippi, Sarah},
	School = {Ecole nationale superieure des telecommunications - ENST},
	Title = {Optimistic Strategies in Reinforcement Learning},
	Year = {2010}}

@article{jaksch10nearoptimal,
	Author = {Jaksch, Thomas and Ortner, Ronald and Auer, Peter},
	Journal = {Journal of Machine Learning Research},
	Pages = {1563-1600},
	Title = {Near-Optimal Regret Bounds for Reinforcement Learning},
	Volume = {11},
	Year = {2010}}

@inproceedings{kveton10semisupervised,
	Author = {Kveton, Branislav and Valko, Michal and Rahimi, Ali and Huang, Ling},
	Booktitle = {Proceedings of the 13th International Conference on Artificial Intelligence and Statistics},
	Pages = {421-428},
	Title = {Semi-Supervised Learning with Max-Margin Graph Cuts},
	Year = {2010}}

@inproceedings{kveton10online,
	Author = {Kveton, Branislav and Valko, Michal and Philipose, Matthai and Huang, Ling},
	Booktitle = {Proceedings of the 4th IEEE Online Learning for Computer Vision Workshop},
	Title = {Online Semi-Supervised Perception: Real-Time Learning without Explicit Feedback},
	Year = {2010}}

@inproceedings{li10contextual,
	Author = {Li, Lihong and Chu, Wei and Langford, John and Schapire, Robert},
	Booktitle = {Proceedings of the 19th International Conference on World Wide Web},
	Title = {A Contextual-Bandit Approach to Personalized News Article Recommendation},
	Year = {2010}}

@inproceedings{valko10online,
	Author = {Valko, Michal and Kveton, Branislav and Huang, Ling and Ting, Daniel},
	Booktitle = {Proceedings of the 26th Conference on Uncertainty in Artificial Intelligence},
	Title = {Online Semi-Supervised Learning on Quantized Graphs},
	Year = {2010}}

@inproceedings{vijayanarasimhan10visual,
	Author = {Vijayanarasimhan, Sudheendra and Kapoor, Ashish},
	Booktitle = {Proceedings of the IEEE Computer Society Conference on Computer Vision and Pattern Recognition},
	Title = {Visual Recognition and Detection under Bounded Computational Resources},
	Year = {2010}}

@inproceedings{abbasi-yadkori11improved,
	Author = {Abbasi-Yadkori, Yasin and Pal, David and Szepesvari, Csaba},
	Booktitle = {Advances in Neural Information Processing Systems 24},
	Pages = {2312-2320},
	Title = {Improved Algorithms for Linear Stochastic Bandits},
	Year = {2011}}

@inproceedings{barreto11reinforcement,
	Author = {Barreto, Andre and Precup, Doina and Pineau, Joelle},
	Booktitle = {Advances in Neural Information Processing Systems 24},
	Pages = {720-728},
	Title = {Reinforcement Learning using Kernel-Based Stochastic Factorization},
	Year = {2011}}

@inproceedings{garivier11klucb,
	Author = {Garivier, Aurelien and Cappe, Olivier},
	Booktitle = {Proceeding of the 24th Annual Conference on Learning Theory},
	Pages = {359-376},
	Title = {The {KL-UCB} Algorithm for Bounded Stochastic Bandits and Beyond},
	Year = {2011}}

@article{golovin11adaptive,
	Author = {Golovin, Daniel and Krause, Andreas},
	Journal = {Journal of Artificial Intelligence Research},
	Pages = {427-486},
	Title = {Adaptive Submodularity: Theory and Applications in Active Learning and Stochastic Optimization},
	Volume = {42},
	Year = {2011}}

@inproceedings{golovin11dynamic,
	Author = {Golovin, Daniel and Krause, Andreas and Gardner, Beth and Converse, Sarah and Morey, Steve},
	Booktitle = {Proceedings of the 25th AAAI Conference on Artificial Intelligence},
	Title = {Dynamic Resource Allocation in Conservation Planning},
	Year = {2011}}

@inproceedings{mannor11bandits,
	Author = {Mannor, Shie and Shamir, Ohad},
	Booktitle = {Advances in Neural Information Processing Systems 24},
	Pages = {684-692},
	Title = {From Bandits to Experts: On the Value of Side-Observations},
	Year = {2011}}

@inproceedings{guillory11online,
	Author = {Guillory, Andrew and Bilmes, Jeff},
	Booktitle = {Advances in Neural Information Processing Systems 24},
	Pages = {1107-1115},
	Title = {Online Submodular Set Cover, Ranking, and Repeated Active Learning},
	Year = {2011}}

@inproceedings{guillory11simultaneous,
	Author = {Guillory, Andrew and Bilmes, Jeff},
	Booktitle = {Proceedings of the 28th International Conference on Machine Learning},
	Pages = {369-376},
	Title = {Simultaneous Learning and Covering with Adversarial Noise},
	Year = {2011}}

@article{nowak11geometry,
	Author = {Nowak, Robert},
	Journal = {IEEE Transactions on Information Theory},
	Number = {12},
	Pages = {7893-7906},
	Title = {The Geometry of Generalized Binary Search},
	Volume = {57},
	Year = {2011}}

@inproceedings{yue11linear,
	Author = {Yue, Yisong and Guestrin, Carlos},
	Booktitle = {Advances in Neural Information Processing Systems 24},
	Pages = {2483-2491},
	Title = {Linear Submodular Bandits and their Application to Diversified Retrieval},
	Year = {2011}}

@inproceedings{agrawal12analysis,
	Author = {Agrawal, Shipra and Goyal, Navin},
	Booktitle = {Proceeding of the 25th Annual Conference on Learning Theory},
	Pages = {39.1-39.26},
	Title = {Analysis of {Thompson} Sampling for the Multi-Armed Bandit Problem},
	Year = {2012}}

@article{bubeck12regret,
	Author = {Bubeck, Sebastien and Cesa-Bianchi, Nicolo},
	Journal = {Foundations and Trends in Machine Learning},
	Title = {Regret Analysis of Stochastic and Nonstochastic Multi-Armed Bandit Problems},
	Year = {2012}}

@inproceedings{bartok12adaptive,
	Author = {Bartok, Gabor and Zolghadr, Navid and Szepesvari, Csaba},
	Booktitle = {Proceedings of the 29th International Conference on Machine Learning},
	Title = {An Adaptive Algorithm for Finite Stochastic Partial Monitoring},
	Year = {2012}}

@book{boucheron13concentration,
	Author = {Boucheron, Stephane and Lugosi, Gabor and Massart, Pascal},
	Publisher = {Oxford University Press},
	Title = {Concentration Inequalities: A Nonasymptotic Theory of Independence},
	Year = {2013}}

@inproceedings{caron12leveraging,
	Author = {Caron, Stephane and Kveton, Branislav and Lelarge, Marc and Bhagat, Smriti},
	Booktitle = {Proceedings of the 28th Conference on Uncertainty in Artificial Intelligence},
	Pages = {142-151},
	Title = {Leveraging Side Observations in Stochastic Bandits},
	Year = {2012}}

@article{cesabianchi12combinatorial,
	Author = {Cesa-Bianchi, Nicolo and Lugosi, Gabor},
	Journal = {Journal of Computer and System Sciences},
	Number = {5},
	Pages = {1404-1422},
	Title = {Combinatorial Bandits},
	Volume = {78},
	Year = {2012}}

@article{gai12combinatorial,
	Author = {Gai, Yi and Krishnamachari, Bhaskar and Jain, Rahul},
	Journal = {IEEE/ACM Transactions on Networking},
	Number = {5},
	Pages = {1466-1478},
	Title = {Combinatorial Network Optimization with Unknown Variables: Multi-Armed Bandits with Linear Rewards and Individual Observations},
	Volume = {20},
	Year = {2012}}

@inproceedings{karbasi12hot,
	Author = {Karbasi, Amin and Ioannidis, Stratis and Massoulie, Laurent},
	Booktitle = {2012 Information Theory and Applications Workshop},
	Pages = {291-297},
	Title = {Hot or Not: Interactive Content Search using Comparisons},
	Year = {2012}}

@inproceedings{kveton12kernelbased,
	Author = {Kveton, Branislav and Theocharous, Georgios},
	Booktitle = {Proceedings of the 26th AAAI Conference on Artificial Intelligence},
	Pages = {977-983},
	Title = {Kernel-Based Reinforcement Learning on Representative States},
	Year = {2012}}

@article{munos12optimistic,
	Author = {Munos, Remi},
	Journal = {Foundations and Trends in Machine Learning},
	Title = {The Optimistic Principle Applied to Games, Optimization, and Planning: Towards Foundations of {Monte-Carlo} Tree Search},
	Year = {2012}}

@incollection{suehiro12online,
	Author = {Suehiro, Daiki and Hatano, Kohei and Kijima, Shuji and Takimoto, Eiji and Nagano, Kiyohito},
	Booktitle = {23rd International Conference on Algorithmic Learning Theory},
	Pages = {260-274},
	Series = {Lecture Notes in Computer Science},
	Title = {Online Prediction under Submodular Constraints},
	Volume = {7568},
	Year = {2013}}

@inproceedings{bhamidipati13minimal,
	Author = {Bhamidipati, Sandilya and Kveton, Branislav and Muthukrishnan, S.},
	Booktitle = {Proceedings of AAAI Workshop on Intelligent Techniques for Web Personalization and Recommendation},
	Title = {Minimal Interaction Search: Multi-Way Search with Item Categories},
	Year = {2013}}

@inproceedings{chen13combinatorial,
	Author = {Chen, Wei and Wang, Yajun and Yuan, Yang},
	Booktitle = {Proceedings of the 30th International Conference on Machine Learning},
	Pages = {151-159},
	Title = {Combinatorial Multi-Armed Bandit: General Framework, Results and Applications},
	Year = {2013}}

@article{fonteneau13batch,
	Author = {Fonteneau, Raphael and Murphy, Susan and Wehenkel, Louis and Ernst, Damien},
	Journal = {Annals of Operations Research},
	Title = {Batch Mode Reinforcement Learning Based on the Synthesis of Artificial Trajectories},
	Year = {2013}}

@inproceedings{gabillon13adaptive,
	Author = {Gabillon, Victor and Kveton, Branislav and Wen, Zheng and Eriksson, Brian and Muthukrishnan, S.},
	Booktitle = {Advances in Neural Information Processing Systems 26},
	Pages = {2697-2705},
	Title = {Adaptive Submodular Maximization in Bandit Setting},
	Year = {2013}}

@incollection{neu13efficient,
	Author = {Neu, Gergely and Bartok, Gabor},
	Booktitle = {24th International Conference on Algorithmic Learning Theory},
	Pages = {234-248},
	Series = {Lecture Notes in Computer Science},
	Title = {An Efficient Algorithm for Learning with Semi-bandit Feedback},
	Volume = {8139},
	Year = {2013}}

@article{slivkins13ranked,
	Author = {Slivkins, Aleksandrs and Radlinski, Filip and Gollapudi, Sreenivas},
	Journal = {Journal of Machine Learning Research},
	Number = {1},
	Pages = {399-436},
	Title = {Ranked Bandits in Metric Spaces: Learning Diverse Rankings over Large Document Collections},
	Volume = {14},
	Year = {2013}}

@inproceedings{wen13sequential,
	Author = {Wen, Zheng and Kveton, Branislav and Eriksson, Brian and Bhamidipati, Sandilya},
	Booktitle = {Proceedings of the 30th International Conference on Machine Learning},
	Pages = {226-234},
	Title = {Sequential {Bayesian} Search},
	Year = {2013}}

@inproceedings{ashkan14diversified,
	Author = {Ashkan, Azin and Kveton, Branislav and Berkovsky, Shlomo and Wen, Zheng},
	Booktitle = {Poster Proceedings of the 8th ACM Conference on Recommender Systems},
	Title = {Diversified Utility Maximization for Recommendations},
	Year = {2014}}

@article{ashkan14dum,
	Author = {Ashkan, Azin and Kveton, Branislav and Berkovsky, Shlomo and Wen, Zheng},
	Ee = {http://arxiv.org/abs/1411.3650},
	Journal = {CoRR},
	Title = {{DUM}: Diversity-Weighted Utility Maximization for Recommendations},
	Volume = {abs/1411.3650},
	Year = {2014}}

@article{audibert14regret,
	Author = {Audibert, Jean-Yves and Bubeck, Sebastien and Lugosi, Gabor},
	Journal = {Mathematics of Operations Research},
	Number = {1},
	Pages = {31-45},
	Title = {Regret in Online Combinatorial Optimization},
	Volume = {39},
	Year = {2014}}

@article{chen14combinatorial,
	Author = {Chen, Wei and Wang, Yajun and Yuan, Yang},
	Ee = {http://arxiv.org/abs/1407.8339},
	Journal = {CoRR},
	Title = {Combinatorial Multi-Armed Bandit and Its Extension to Probabilistically Triggered Arms},
	Volume = {abs/1407.8339},
	Year = {2014}}

@inproceedings{gabillon14largescale,
	Author = {Gabillon, Victor and Kveton, Branislav and Wen, Zheng and Eriksson, Brian and Muthukrishnan, S.},
	Booktitle = {Proceedings of the 28th AAAI Conference on Artificial Intelligence},
	Title = {Large-Scale Optimistic Adaptive Submodularity},
	Year = {2014}}

@inproceedings{kveton14matroid,
	Author = {Kveton, Branislav and Wen, Zheng and Ashkan, Azin and Eydgahi, Hoda and Eriksson, Brian},
	Booktitle = {Proceedings of the 30th Conference on Uncertainty in Artificial Intelligence},
	Pages = {420-429},
	Title = {Matroid Bandits: Fast Combinatorial Optimization with Learning},
	Year = {2014}}

@article{kveton14learning,
	Author = {Kveton, Branislav and Wen, Zheng and Ashkan, Azin and Valko, Michal},
	Ee = {http://arxiv.org/abs/1405.7752},
	Journal = {CoRR},
	Title = {Learning to Act Greedily: Polymatroid Semi-Bandits},
	Volume = {abs/1405.7752},
	Year = {2014}}

@article{le14sequential,
	Author = {Le, Thanh and Szepesvari, Csaba and Zheng, Rong},
	Journal = {IEEE Transactions on Signal Processing},
	Number = {22},
	Pages = {5919-5929},
	Title = {Sequential Learning for Multi-Channel Wireless Network Monitoring with Channel Switching Costs},
	Volume = {62},
	Year = {2014}}

@inproceedings{lin14combinatorial,
	Author = {Lin, Tian and Abrahao, Bruno and Kleinberg, Robert and Lui, John and Chen, Wei},
	Booktitle = {Proceedings of the 31st International Conference on Machine Learning},
	Pages = {901-909},
	Title = {Combinatorial Partial Monitoring Game with Linear Feedback and Its Applications},
	Year = {2014}}

@article{russo14information,
	Author = {Russo, Daniel and {Van Roy}, Benjamin},
	Ee = {http://arxiv.org/abs/1403.5341},
	Journal = {CoRR},
	Title = {An Information-Theoretic Analysis of {Thompson} Sampling},
	Volume = {abs/1403.5341},
	Year = {2014}}

@inproceedings{kveton15tight,
	Author = {Kveton, Branislav and Wen, Zheng and Ashkan, Azin and Szepesvari, Csaba},
	Booktitle = {Proceedings of the 18th International Conference on Artificial Intelligence and Statistics},
	Title = {Tight Regret Bounds for Stochastic Combinatorial Semi-Bandits},
	Year = {2015}}

@inproceedings{wen15efficient,
	Author = {Wen, Zheng and Kveton, Branislav and Ashkan, Azin},
	Booktitle = {Proceedings of the 32nd International Conference on Machine Learning},
	Title = {Efficient Learning in Large-Scale Combinatorial Semi-Bandits},
	Year = {2015}}

@misc{ucimlrepository,
	Author = {Asuncion, A. and Newman, D.J.},
	Institution = {University of California, Irvine, School of Information and Computer Sciences},
	Title = {{UCI} Machine Learning Repository},
	Url = {http://www.ics.uci.edu/$\sim$mlearn/{MLR}epository.html},
	Year = {2007},
	Bdsk-Url-1 = {http://www.ics.uci.edu/$%5Csim$mlearn/%7BMLR%7Depository.html}}

@article{opencv-library,
	Author = {Bradski, Gary},
	Journal = {Dr. Dobb's Journal of Software Tools},
	Title = {{The OpenCV Library}},
	Year = {2000}}

@manual{openmp-spec,
	Organization = {{OpenMP} Architecture Review Board},
	Title = {{OpenMP} Application Program Interface -- Version 3.0},
	Year = {2008}}

@misc{genki-szsl,
	Author = {{UCSD}},
	Howpublished = {http://mplab.ucsd.edu},
	Title = {{MPLab GENKI Database}},
	Year = {2013}}

@misc{imdb,
	Howpublished = {\url{http://www.imdb.com/}},
	Title = {{The Internet Movie Database (IMDb)}},
	Year = {2012}}

@misc{librarything,
	Howpublished = {\url{http://www.librarything.com/}},
	Title = {{LibraryThing}},
	Year = {2012}}

@misc{mturk,
	Howpublished = {\url{http://www.mturk.com}},
	Title = {{Amazon Mechanical Turk}},
	Year = {2012}}

@misc{movielens,
	Author = {Lam, Shyong and Herlocker, Jon},
	Howpublished = {http://www.grouplens.org/node/12},
	Title = {{MovieLens 1M Dataset}},
	Year = {2013}}

@misc{netflix,
	Howpublished = {http://www.netflix.com},
	Title = {Netflix},
	Year = {2013}}
